@article{baldry2014galaxy,
  title={Galaxy And Mass Assembly (GAMA): autoz spectral redshift measurements, confidence and errors},
  author={Baldry, IK and Alpaslan, M and Bauer, AE and Bland-Hawthorn, J and Brough, S and Cluver, ME and Croom, SM and Davies, LJM and Driver, SP and Gunawardhana, MLP and others},
  journal={Monthly Notices of the Royal Astronomical Society},
  volume={441},
  number={3},
  pages={2440--2451},
  year={2014},
  publisher={Oxford University Press}
}
@article{kurtz1998rvsao,
  title={RVSAO 2.0: Digital redshifts and radial velocities},
  author={Kurtz, Michael J and Mink, Douglas J},
  journal={Publications of the Astronomical Society of the Pacific},
  volume={110},
  number={750},
  pages={934--977},
  year={1998},
  publisher={JSTOR}
}
@article{aihara2011eighth,
  title={The eighth data release of the Sloan Digital Sky Survey: first data from SDSS-III},
  author={Aihara, Hiroaki and Prieto, Carlos Allende and An, Deokkeun and Anderson, Scott F and Aubourg, {\'E}ric and Balbinot, Eduardo and Beers, Timothy C and Berlind, Andreas A and Bickerton, Steven J and Bizyaev, Dmitry and others},
  journal={The Astrophysical Journal Supplement Series},
  volume={193},
  number={2},
  pages={29},
  year={2011},
  publisher={IOP Publishing}
}
@article{colless20012df,
  title={The 2df galaxy redshift survey: spectra and redshifts},
  author={Colless, Matthew and Dalton, Gavin and Maddox, Steve and Sutherland, Will and Norberg, Peder and Cole, Shaun and Bland-Hawthorn, Joss and Bridges, Terry and Cannon, Russell and Collins, Chris and others},
  journal={Monthly Notices of the Royal Astronomical Society},
  volume={328},
  number={4},
  pages={1039--1063},
  year={2001},
  publisher={Oxford University Press}
}
@article{dahlen2013critical,
  title={A Critical Assessment of Photometric Redshift Methods: A CANDELS Investigation},
  author={Dahlen, Tomas and Mobasher, Bahram and Faber, Sandra M and Ferguson, Henry C and Barro, Guillermo and Finkelstein, Steven L and Finlator, Kristian and Fontana, Adriano and Gruetzbauch, Ruth and Johnson, Seth and others},
  journal={The Astrophysical Journal},
  volume={775},
  number={2},
  pages={93},
  year={2013},
  publisher={IOP Publishing}
}
@article{davis2007scrutinizing,
  title={Scrutinizing exotic cosmological models using ESSENCE supernova data combined with other cosmological probes},
  author={Davis, Tamara M and M{\"o}rtsell, Edvard and Sollerman, Jesper and Becker, AC and Blondin, St{\'e}phane and Challis, P and Clocchiatti, A and Filippenko, AV and Foley, RJ and Garnavich, PM and others},
  journal={The Astrophysical Journal},
  volume={666},
  number={2},
  pages={716},
  year={2007},
  publisher={IOP Publishing}
}
@article{bolzonella2000photometric,
  title={Photometric redshifts based on standard SED fitting procedures},
  author={Bolzonella, Micol and Miralles, Joan-Marc and Pell{\'o}, Roser},
  journal={Arxiv preprint astro-ph/0003380},
  year={2000}
}
@inproceedings{d2014ozdes,
  title={{OzDES: 100 Nights of AAT Spectroscopy on DES Sources}},
  author={D'Andrea, Christopher and others},
  booktitle={American Astronomical Society Meeting Abstracts},
  volume={223},
  year={2014}
}

@MISC{emission,
    author       = "Alastair Sanderson",
    title        = "R plot and graph gallery",
    howpublished = {\url{http://www.sr.bham.ac.uk/~ajrs/R/r-gallery.html}},
    year         = "2013",
    note         = "Accessed: 2014-08-19"
}
@MISC{nasaDB,
	author = {{NASA}},
	title = {{NASA/IPAC Extragalactic Database}},
	howpublished = {\url{http://ned.ipac.caltech.edu/}},
	year         = "2014",
    note         = "Accessed: 2014-08-19"
}
@ARTICLE{Meinel1950Emission,
   author = {{Meinel}, I.~A.~B.},
    title = "{OH Emission Bands in the Spectrum of the Night Sky.}",
  journal = {Astrophysical Journal},
     year = 1950,
    month = may,
   volume = 111,
    pages = {555},
      doi = {10.1086/145296},
   adsurl = {http://adsabs.harvard.edu/abs/1950ApJ...111..555M},
  adsnote = {Provided by the SAO/NASA Astrophysics Data System}
}
@MISC{night,
	author = {{Canada-France-Hawaii Telescope}},
	title = {{CFHT Observatory Manual}},
	howpublished = {\url{http://www.cfht.hawaii.edu/Instruments/ObservatoryManual/CFHT_ObservatoryManual_(Sec_2).html}},
	year         = "2014",
    note         = "Accessed: 2014-08-19"
}
@article{Kelson2003Optimal,
     jstor_articletype = {research-article},
     title = {Optimal Techniques in Two-dimensional Spectroscopy: Background Subtraction for the 21st Century},
     author = {Daniel D. Kelson},
     journal = {Publications of the Astronomical Society of the Pacific},
     jstor_issuetitle = {},
     volume = {115},
     number = {808},
     jstor_formatteddate = {June 2003},
     pages = {pp. 688-699},
     url = {http://www.jstor.org/stable/10.1086/375502},
     ISSN = {00046280},
     language = {English},
     year = {2003},
     publisher = {The University of Chicago Press on behalf of the Astronomical Society of the Pacific},
     copyright = {Copyright © 2003 The University of Chicago Press},
    }
@article{morton1991atomic,
  title={Atomic data for resonance absorption lines. I-Wavelengths longward of the Lyman limit},
  author={Morton, Donald C},
  journal={The Astrophysical Journal Supplement Series},
  volume={77},
  pages={119--202},
  year={1991}
}

@article{ackermann2013detection,
  title={Detection of the characteristic pion-decay signature in supernova remnants},
  author={Ackermann, Markus and Ajello, M and Allafort, A and Baldini, L and Ballet, J and Barbiellini, G and Baring, MG and Bastieri, D and Bechtol, K and Bellazzini, R and others},
  journal={Science},
  volume={339},
  number={6121},
  pages={807--811},
  year={2013},
  publisher={American Association for the Advancement of Science}
}
@article{aharonian1999time,
  title={The time averaged TeV energy spectrum of Mkn 501 of the extraordinary 1997 outburst as measured with the stereoscopic Cherenkov telescope system of HEGRA},
  author={Aharonian, F},
  journal={Arxiv preprint astro-ph/9903386},
  year={1999}
}
@MISC{lhc,
	author = {{CERN}},
	title = {{The first LHC protons run ends with new milestone}},
	howpublished = {\url{http://press.web.cern.ch/press-releases/2012/12/first-lhc-protons-run-ends-new-milestone}},
	year         = "2012",
    note         = "Accessed: 2014-08-19"
}
@MISC{aaomega,
	author = {{Australian Astronomical Observatory}},
	title = {{The AAOmega Spectrograph}},
	howpublished = {\url{http://www.aao.gov.au/science/instruments/current/AAOmega}},
	year         = "2014",
    note         = "Accessed: 2014-08-20"
}
@article{tonry1979survey,
  title={A survey of galaxy redshifts. I-Data reduction techniques},
  author={Tonry, John and Davis, Marc},
  journal={The Astronomical Journal},
  volume={84},
  pages={1511--1525},
  year={1979}
}
@article{griffin1967photoelectric,
  title={A photoelectric radial-velocity spectrometer},
  author={Griffin, RF},
  journal={The Astrophysical Journal},
  volume={148},
  pages={465},
  year={1967}
}
@online{parameters,
  author = {Mink, D},
  title = {rvsao.xcsao Parameters},
  year = 2010,
  url = {http://tdc-www.harvard.edu/iraf/rvsao/xcsao/xcsao.par.html},
  urldate = {2010-05-24}
}
@MISC{SDSSIII,
	author = {{SDSSIII}},
	title = {{The Tenth SDSS Data Release (DR10)}},
	howpublished = {\url{http://www.sdss3.org/dr10/}},
	year         = "2013",
    note         = "Accessed: 2014-08-21"
}

@article{sdss6,
  title={The sixth data release of the sloan digital sky survey},
  author={Adelman-McCarthy, Jennifer K and Ag{\"u}eros, Marcel A and Allam, Sahar S and Prieto, Carlos Allende and Anderson, Kurt SJ and Anderson, Scott F and Annis, James and Bahcall, Neta A and Bailer-Jones, CAL and Baldry, Ivan K and others},
  journal={The Astrophysical Journal Supplement Series},
  volume={175},
  number={2},
  pages={297},
  year={2008},
  publisher={IOP Publishing}
}